@Book{blelloch,
	title = {Synthesis of {P}arallel {A}lgorithms},
	author = {Guy E. Blelloch},
	editor = { J. H. Reif},
	publisher = {Morgan Kaufmann Pub},
	year = {1993}
}



@inproceedings{SMTLIB2,
    author = {C. Barrett and
              A. Stump and
              C. Tinelli},
    title = {The {SMT-LIB} {S}tandard: {V}ersion 2.0},
    institution = {},
    year = {2010}
}

@inproceedings{Zombie,
  author    = {C. Casinghino and
               V. Sj{\"o}berg and
               S. Weirich},
  title     = {Combining proofs and programs in a dependently typed language},
  booktitle = {POPL},
  year      = {2014}
}

@article{Sjoberg2015,
 author = {Sj\"{o}berg, Vilhelm and Weirich, Stephanie},
 title = {Programming Up to Congruence},
 journal = {POPL},
 year = {2015}
}

@Article{isabelle,
	author = {L. C. Paulson},
	title = {Isabelle – {A} {G}eneric {T}heorem Prover},
	journal = {Lecture Notes	in Computer Science},
    year = {1994}
}


@inproceedings{wouter10, 
	author={	Wouter Swierstra},
	title={More dependent types for distributed arrays},
	journal={Higher-Order and Symbolic Computation},
	year={2010}
}
@inproceedings{bspwhy,
	author = {J Fortin and F. Gava},
	title = {{BSP-Why: A tool for deductive verification of BSP algorithms with
subgroup synchronisation}},
	booktitle = {Int J Parallel Prog},
	year = {2015}
}

@inproceedings{daum07,
	author={M Daum},
	title={{Reasoning on Data-Parallel Programs in Isabelle/Hol}},
	booktitle= {C/C++ Verification Workshop},
	year = {2007}
}

@inproceedings{why3,
  TITLE = {{Why3 -- Where Programs Meet Provers}},
  AUTHOR = {Filli{\^a}tre, Jean-Christophe and Paskevich, Andrei},
  BOOKTITLE = {ESOP},
  YEAR = {2013},
}

@phdthesis{agda,
  author  = {U. Norell},
  title	  = {Towards a practical programming language based on dependent type theory},
  school  = {Chalmers},
  year	  = 2007
}

@inproceedings{dafny,
 author = {Leino, K. Rustan M.},
 title = {Dafny: An Automatic Program Verifier for Functional Correctness},
 series = {LPAR},
 year = {2010}
}


@inproceedings{fstarold,
  author    = {N. Swamy and
               J. Chen and
               C. Fournet and
               P-Y. Strub and
               K. Bhargavan and
               J. Yang},
  title     = {Secure distributed programming with value-dependent types},
  booktitle = {ICFP},
  year      = {2011}
}

@inproceedings{fstar,
  author = {Nikhil Swamy and
            Hri\c{t}cu, C\u{a}t\u{a}lin and
            Chantal Keller and
            Aseem Rastogi and
            Antoine Delignat-Lavaud and
            Simon Forest and
            Karthikeyan Bhargavan and
            C\'{e}dric Fournet and
            Pierre-Yves Strub and
            Markulf Kohlweiss and
            Jean-Karim Zinzindohoue and
            Santiago Zanella-B\'eguelin},
  title = {Dependent Types and Multi-Monadic Effects in {F*}},
  booktitle = {POPL},
  year = {2016},
}

@PhdThesis{schirmer06,
	author = {N Schirmer},
	title = {Verification of Sequential Imperative Programs in Isabelle/HOL},
	school = {TU Munich},
	year = {2006}
}

@inproceedings{SyDPaCC,
	author={Fr\'ed\'eric Loulergue and Wadoud Bousdira and Julien Tesson},
	title= {Calculating {P}arallel {P}rograms in {C}oq using {L}ist {H}omomorphisms},
	booktitle= {International Journal of Parallel Programming},
	year={2016}
}



@article{Harper93,
 author = {Harper, Robert and Honsell, Furio and Plotkin, Gordon},
 title = {A Framework for Defining Logics},
 journal = {J. ACM},
 year = {1993},
}


@Book{jaja,
  author = {Joseph J\'aJ\'a},
  title  = {Introduction to {P}arallel {A}lgorithms},
  year   = {1992},
  institution= {University of Maryland}
}

@inproceedings{polikarpova16,
  author    = {Nadia Polikarpova and
               Ivan Kuraj and
               Armando Solar{-}Lezama},
  title     = {Program synthesis from polymorphic refinement types},
  booktitle = {PLDI},
  year      = {2016}
}


@inproceedings{Cole93parallelprogramming,
    author = {Murray Cole},
    title = {Parallel Programming, List Homomorphisms and the Maximum Segment Sum Problem},
    institution = {Parco},
    year = {1993}
}

@Book{birdalgebra,
  author       = {Richard Bird and Oege De Moor},
  title        = {Algebra of {P}rogramming},
  year         = {1996},
  publisher    = {Prentice Hall}
}


@Book{coq-book,
  author       = "Y. Bertot and P. Cast\'eran",
  title        = "Coq'Art: The Calculus of Inductive Constructions",
  year         = "2004",
  publisher    = "Springer Verlag"
}




@INPROCEEDINGS{Leroy06formalcertification,
    author = {Xavier Leroy},
    title = {Formal certification of a compiler back-end, or: programming a compiler with a proof assistant},
    booktitle = {POPL ’06},
    year = {2006},
    publisher = {}
}

@InProceedings{LiquidPLDI08,
  author	= {P. Rondon and M. Kawaguchi and R. Jhala},
  title		= {Liquid Types},
  booktitle	= {PLDI},
  year		= 2008,
}


@inproceedings{realworldliquid14,
  author    = {N. Vazou and
               E. L. Seidel and
               R. Jhala},
  title     = {LiquidHaskell: Experience With Refinement Types in the Real World},
  booktitle = {Haskell Symposium},
  year      = {2014}
}



@inproceedings{reflection,
 author = {Niki Vazou and Ranjit Jhala},
 title = {Refinement {Reflection}},
 series = {arXiv:1610.04641},
 year = {2016},
}


@inproceedings{Vazou14,
  author    = {N. Vazou and
               E. L. Seidel and
               R. Jhala and
               D. Vytiniotis and
               S. Peyton-Jones},
  title     = {{R}efinement {T}ypes for {H}askell},
  booktitle = {ICFP},
  year      = {2014},
}


@inproceedings{implementation,
 author = {Niki Vazou and Jeff Polakow},
 title = {Code for Verified String Indexing},
 note  = {\url{https://github.com/nikivazou/verified_string_matching}},
 year = {2016}
}

@inproceedings{ConstableS87,
  author    = {R. L. Constable and
               S. F. Smith},
  title     = {Partial Objects In Constructive Type Theory},
  booktitle = {LICS},
  year      = {1987}
}

@inproceedings{hal16,
 author = {Fr\acute{e}d\acute{e}ric Loulergue and Wadoud Bousdira and Julien Tesson},
 title = {{C}alculating {P}arallel {P}rograms in {C}oq using {L}ist {H}omomorphisms},
 note  = {\url{https://hal.inria.fr/hal-01159182/document}},
 booktitle ={International Journal of Parallel Programming},
 year = {2016}
}


@article{Ladner:1980:PPC:322217.322232,
 author = {Ladner, Richard E. and Fischer, Michael J.},
 title = {Parallel Prefix Computation},
 journal = {J. ACM},
 issue_date = {Oct. 1980},
 volume = {27},
 number = {4},
 month = oct,
 year = {1980},
 issn = {0004-5411},
 pages = {831--838},
 numpages = {8},
 url = {http://doi.acm.org/10.1145/322217.322232},
 doi = {10.1145/322217.322232},
 acmid = {322232},
 publisher = {ACM},
 address = {New York, NY, USA},
} 


@inproceedings{refinedscala,
  author = {Georg Stefan Schmid and Viktor Kuncak},
  title  = {{SMT-based Checking of Predicate-Qualified Types for Scala}}, 
  booktitle = {Scala},
  year = {2016}
}

@inproceedings{RefinedRacket,
  author    = {Andrew M. Kent and
               David Kempe and
               Sam Tobin{-}Hochstadt},
  title     = {Occurrence typing modulo theories},
  booktitle = {PLDI},
  year      = {2016}
}

@inproceedings{deputy,
  author    = {Jeremy Condit and
               Matthew Harren and
               Zachary R. Anderson and
               David Gay and
               George C. Necula},
  title     = {Dependent Types for Low-Level Programming},
  booktitle = {ESOP},
  year      = {2007}
}

@InProceedings{LiquidPOPL10,
  author	= {P. Rondon and M. Kawaguchi and R. Jhala},
  title		= {Low-Level Liquid Types},
  booktitle	= {POPL},
  year		= {2010},
}

@inproceedings{GordonRefinement09,
  author    = {J. Bengtson and
               K. Bhargavan and
               C. Fournet and
               A.D. Gordon and
               S. Maffeis},
  title     = {Refinement Types for Secure Implementations},
  booktitle = {CSF},
  year      = {2008},
}

@inproceedings{pfenningxi98,
  author    = {H. Xi and
               F. Pfenning},
  title     = {Eliminating Array Bound Checking Through Dependent Types.},
  booktitle = {PLDI},
  year      = {1998},
}
@InProceedings{ FreemanPfenningDONTCITE91,
  author	= {T. Freeman and F. Pfenning},
  title		= {Refinement Types for {ML}},
  booktitle	= {PLDI},
  year		= {1991},
  bibsource	= {DBLP, http://dblp.uni-trier.de}
}

@ARTICLE{Rushby98,
    author = {J. Rushby and S. Owre and N. Shankar},
    title = {Subtypes for Specifications: Predicate Subtyping in PVS},
    journal = {IEEE TSE},
    year = {1998},
}
